@inproceedings{Eigentrust,
author = {Kamvar, Sepandar D. and Schlosser, Mario T. and Garcia-Molina, Hector},
title = {The Eigentrust Algorithm for Reputation Management in P2P Networks},
year = {2003},
isbn = {1581136803},
publisher = {Association for Computing Machinery},
address = {New York, NY, USA},
url = {https://doi.org/10.1145/775152.775242},
doi = {10.1145/775152.775242},
booktitle = {Proceedings of the 12th International Conference on World Wide Web},
pages = {640â€“651},
numpages = {12},
keywords = {peer-to-peer, reputation, distributed eigenvector computation},
location = {Budapest, Hungary},
series = {WWW '03}
}